@misc{caos,
title = "Chaos theory",
author = "Wikipedia",
organization = "Wikipedia Foundation, Inc.",
url = "https://en.wikipedia.org/wiki/Chaos_theory"}

@misc{logmap,
title = "Logistic map",
author = "Wikipedia",
organization = "Wikipedia Foundation, Inc.",
url = "https://en.wikipedia.org/wiki/Logistic_map"}

@misc{bifu,
title = "Bifurcation Diagram",
author = "Wikipedia",
organization = "Wikipedia Foundation, Inc.",
url = "https://en.wikipedia.org/wiki/Bifurcation_diagram"}

@article{boeing,
author = {Boeing, G.},
year = {2016},
title = {Visual Analysis of Nonlinear Dynamical Systems: Chaos, Fractals, Self-Similarity and the Limits of Prediction.},
journal = {Systems}
volume = {4},
number = {4},
pages = {37},
DOI = {http://dx.doi.org/10.2139/ssrn.2823988},
url = {http://geoffboeing.com/2015/03/chaos-theory-logistic-map/}
}

@misc{pcre,
title = "Poincare map",
author = "Wikipedia",
organization = "Wikipedia Foundation, Inc.",
url = "https://en.wikipedia.org/wiki/Poincar%C3%A9_map"}
